<record><leader>00000cas a2200000 a 4500</leader><controlfield tag="001">14126508</controlfield><controlfield tag="008">860822c19869999kyucr ne      0   a0eng d</controlfield><datafield ind1=" " ind2=" " tag="010"><subfield code="a">sn 86011686 </subfield></datafield><datafield ind1=" " ind2=" " tag="040"><subfield code="a">NSD</subfield><subfield code="b">eng</subfield><subfield code="c">NSD</subfield><subfield code="d">KNP</subfield><subfield code="d">NSD</subfield><subfield code="d">KNP</subfield><subfield code="d">OCL</subfield><subfield code="d">OCLCQ</subfield><subfield code="d">KYUBL</subfield><subfield code="d">OCLCQ</subfield><subfield code="d">OCLCO</subfield><subfield code="d">OCLCF</subfield></datafield><datafield ind1=" " ind2=" " tag="012"><subfield code="k">1</subfield><subfield code="m">1</subfield></datafield><datafield ind1="1" ind2=" " tag="022"><subfield code="a">0889-9711</subfield><subfield code="l">0889-9711</subfield><subfield code="2">1</subfield></datafield><datafield ind1="1" ind2=" " tag="029"><subfield code="a">AU@</subfield><subfield code="b">000020428124</subfield></datafield><datafield ind1=" " ind2=" " tag="032"><subfield code="a">168300</subfield><subfield code="b">USPS</subfield></datafield><datafield ind1=" " ind2=" " tag="037"><subfield code="b">The Herald-News, P.O. Box 87, Edmonton, KY 42129</subfield></datafield><datafield ind1=" " ind2=" " tag="042"><subfield code="a">nsdp</subfield></datafield><datafield ind1=" " ind2=" " tag="043"><subfield code="a">n-us-ky</subfield></datafield><datafield ind1="0" ind2=" " tag="130"><subfield code="a">Herald-news (Edmonton, Ky.)</subfield></datafield><datafield ind1=" " ind2="4" tag="222"><subfield code="a">The Herald-news</subfield><subfield code="b">(Edmonton, Ky.)</subfield></datafield><datafield ind1="1" ind2="4" tag="245"><subfield code="a">The herald-news.</subfield></datafield><datafield ind1=" " ind2=" " tag="260"><subfield code="a">Edmonton, Ky. :</subfield><subfield code="b">Edmonton Herald-News,</subfield><subfield code="c">1986-</subfield></datafield><datafield ind1=" " ind2=" " tag="300"><subfield code="a">v. :</subfield><subfield code="b">ill.</subfield></datafield><datafield ind1=" " ind2=" " tag="310"><subfield code="a">Semiweekly</subfield></datafield><datafield ind1="0" ind2=" " tag="362"><subfield code="a">88th year, no. 52 (July 15, 1986)-</subfield></datafield><datafield ind1=" " ind2=" " tag="588"><subfield code="a">Latest issue consulted: 88th year, no. 73 (Friday, Sept. 26, 1986).</subfield></datafield><datafield ind1=" " ind2="0" tag="651"><subfield code="a">Edmonton (Ky.)</subfield><subfield code="v">Newspapers.</subfield></datafield><datafield ind1=" " ind2="0" tag="651"><subfield code="a">Metcalfe County (Ky.)</subfield><subfield code="v">Newspapers.</subfield></datafield><datafield ind1=" " ind2="7" tag="655"><subfield code="a">Newspapers.</subfield><subfield code="2">fast</subfield><subfield code="0">(OCoLC)fst01423814</subfield></datafield><datafield ind1=" " ind2="7" tag="651"><subfield code="a">Kentucky</subfield><subfield code="z">Edmonton.</subfield><subfield code="2">fast</subfield><subfield code="0">(OCoLC)fst01230894</subfield></datafield><datafield ind1=" " ind2="7" tag="651"><subfield code="a">Kentucky</subfield><subfield code="z">Metcalfe County.</subfield><subfield code="2">fast</subfield><subfield code="0">(OCoLC)fst01228740</subfield></datafield><datafield ind1=" " ind2=" " tag="752"><subfield code="a">United States</subfield><subfield code="b">Kentucky</subfield><subfield code="c">Metcalfe</subfield><subfield code="d">Edmonton.</subfield></datafield><datafield ind1="0" ind2="0" tag="780"><subfield code="t">Edmonton herald-news</subfield><subfield code="w">(DLC)sn 86069441</subfield></datafield></record>